<record><leader>00000cas a2200000 a 4500</leader><controlfield tag="001">11102210</controlfield><controlfield tag="008">840829d18721886ksuwr ne      0    0eng c</controlfield><datafield ind1=" " ind2=" " tag="010"><subfield code="a">sn 84029380 </subfield></datafield><datafield ind1=" " ind2=" " tag="040"><subfield code="a">KSH</subfield><subfield code="b">eng</subfield><subfield code="c">KSH</subfield><subfield code="d">NPT</subfield><subfield code="d">NPU</subfield><subfield code="d">DLC</subfield><subfield code="d">NPX</subfield><subfield code="d">NPT</subfield><subfield code="d">DLC</subfield><subfield code="d">ANU</subfield><subfield code="d">NVF</subfield><subfield code="d">CVF</subfield><subfield code="d">OCLCQ</subfield><subfield code="d">OCLCF</subfield><subfield code="d">OCLCO</subfield><subfield code="d">OCLCA</subfield></datafield><datafield ind1=" " ind2=" " tag="042"><subfield code="a">pcc</subfield></datafield><datafield ind1=" " ind2=" " tag="043"><subfield code="a">n-us-ks</subfield></datafield><datafield ind1="0" ind2="0" tag="050"><subfield code="a">Newspaper</subfield></datafield><datafield ind1="0" ind2="4" tag="245"><subfield code="a">The Dickinson County chronicle.</subfield></datafield><datafield ind1="1" ind2=" " tag="246"><subfield code="i">Published as:</subfield><subfield code="a">Dickinson chronicle</subfield><subfield code="f">Apr. 17-&lt;May 8&gt;, 1873</subfield></datafield><datafield ind1="1" ind2="3" tag="246"><subfield code="a">Chronicle</subfield></datafield><datafield ind1=" " ind2=" " tag="260"><subfield code="a">Abilene, Kan. :</subfield><subfield code="b">V.P. Wilson &amp; Son,</subfield><subfield code="c">1872-1886.</subfield></datafield><datafield ind1=" " ind2=" " tag="300"><subfield code="a">13 v. :</subfield><subfield code="b">ill. ;</subfield><subfield code="c">65-71 cm.</subfield></datafield><datafield ind1=" " ind2=" " tag="310"><subfield code="a">Weekly</subfield></datafield><datafield ind1="0" ind2=" " tag="362"><subfield code="a">Vol. 3, no. 35 (Nov. 7, 1872)-v. 15, no. 10 (Apr. 23, 1886).</subfield></datafield><datafield ind1=" " ind2=" " tag="500"><subfield code="a">Publisher: James B. Shane, &lt;1873-1874&gt;.</subfield></datafield><datafield ind1=" " ind2=" " tag="500"><subfield code="a">Apr. 14, 1876 issue begins feature called "Solomon newspaper."</subfield></datafield><datafield ind1=" " ind2=" " tag="500"><subfield code="a">"Republican."</subfield></datafield><datafield ind1=" " ind2=" " tag="500"><subfield code="a">Editor: James B. Shane, &lt;1874&gt;.</subfield></datafield><datafield ind1=" " ind2=" " tag="525"><subfield code="a">Beginning Apr. 7, 1876 each issue contains supplement.</subfield></datafield><datafield ind1=" " ind2=" " tag="530"><subfield code="a">Also issued on microfilm from Micro Photo Div., Bell &amp; Howell Co., and Recordak Corp.</subfield></datafield><datafield ind1=" " ind2=" " tag="580"><subfield code="a">Absorbed: Solomon reporter, (non-extant).</subfield></datafield><datafield ind1=" " ind2="0" tag="651"><subfield code="a">Abilene (Kan.)</subfield><subfield code="v">Newspapers.</subfield></datafield><datafield ind1=" " ind2="0" tag="651"><subfield code="a">Dickinson County (Kan.)</subfield><subfield code="v">Newspapers.</subfield></datafield><datafield ind1=" " ind2="7" tag="655"><subfield code="a">Newspapers.</subfield><subfield code="2">fast</subfield><subfield code="0">(OCoLC)fst01423814</subfield></datafield><datafield ind1=" " ind2="7" tag="651"><subfield code="a">Kansas</subfield><subfield code="z">Abilene.</subfield><subfield code="2">fast</subfield><subfield code="0">(OCoLC)fst01212080</subfield></datafield><datafield ind1=" " ind2="7" tag="651"><subfield code="a">Kansas</subfield><subfield code="z">Dickinson County.</subfield><subfield code="2">fast</subfield><subfield code="0">(OCoLC)fst01209188</subfield></datafield><datafield ind1=" " ind2=" " tag="752"><subfield code="a">United States</subfield><subfield code="b">Kansas</subfield><subfield code="c">Dickinson</subfield><subfield code="d">Abilene.</subfield></datafield><datafield ind1="0" ind2="0" tag="780"><subfield code="t">Abilene chronicle (Abilene, Kan. : 1870)</subfield><subfield code="w">(DLC)sn 84029379</subfield></datafield><datafield ind1="1" ind2="5" tag="780"><subfield code="t">Solomon reporter</subfield><subfield code="g">Apr. 14, 1876</subfield></datafield><datafield ind1="0" ind2="0" tag="785"><subfield code="t">Abilene chronicle (Abilene, Kan. : 1886)</subfield><subfield code="w">(DLC)sn 84029381</subfield></datafield></record>